@book{quarkusinaction,
    author = {Martin Štefanko and Jan Martiška},
    title = {Quarkus in Action},
    publisher = {Manning Publications},
    year = {2025},
    note = {\url{https://www.manning.com/books/quarkus-in-action}. Data ultima visualizzazione: 2026-07-30}
}

@book{kubernetesnativemicroservices,
    author = {Burr Sutter and Christian Posta and Edson Yanaga and Markus Eisele and Alex Soto},
    title = {Kubernetes Native Microservices},
    publisher = {O'Reilly Media},
    year = {2020}
}